@online{web,
  author = {Ana Vilar Garc√≠a},
  title = {A brief history of user verification \& Online identity},
  year = 2021,
  url = {https://www.arengu.com/blog/a-brief-history-of-user-verification-online-identity},
  urldate = {2023-05-15}
}

@article{behavior,
  title={Social behavioral biometrics: An emerging trend},
  author={Sultana, Madeena and Paul, Padma Polash and Gavrilova, Marina},
  journal={International Journal of Pattern Recognition and Artificial Intelligence},
  volume={29},
  number={08},
  pages={1556013},
  year={2015},
  publisher={World Scientific}
}

@inproceedings{combine_distance,
  title={Keystroke dynamics for user authentication},
  author={Zhong, Yu and Deng, Yunbin and Jain, Anil K},
  booktitle={2012 IEEE computer society conference on computer vision and pattern recognition workshops},
  pages={117--123},
  year={2012},
  organization={IEEE}
}
@article{machine_learning,
  title={Non-conventional keystroke dynamics for user authentication},
  author={Alsultan, Arwa and Warwick, Kevin and Wei, Hong},
  journal={Pattern Recognition Letters},
  volume={89},
  pages={53--59},
  year={2017},
  publisher={Elsevier}
  
}

@article{pnn,
  title={A machine learning approach to keystroke dynamics based user authentication},
  author={Revett, Kenneth and Gorunescu, Florin and Gorunescu, Marina and Ene, Marius and Magalhaes, Sergio and Santos, Henrique},
  journal={International Journal of Electronic Security and Digital Forensics},
  volume={1},
  number={1},
  pages={55--70},
  year={2007},
  publisher={Inderscience Publishers}
}

@article{typing_patterns,
  title={Typing patterns: A key to user identification},
  author={Peacock, Alen and Ke, Xian and Wilkerson, Matthew},
  journal={IEEE Security \& Privacy},
  volume={2},
  number={5},
  pages={40--47},
  year={2004},
  publisher={IEEE}
}

@inproceedings{old,
  title={Authentication via keystroke dynamics},
  author={Monrose, Fabian and Rubin, Aviel},
  booktitle={Proceedings of the 4th ACM Conference on Computer and Communications Security},
  pages={48--56},
  year={1997}
}

@inproceedings{programmers,
  title={Identification of programmers from typing patterns},
  author={Longi, Krista and Leinonen, Juho and Nygren, Henrik and Salmi, Joni and Klami, Arto and Vihavainen, Arto},
  booktitle={Proceedings of the 15th Koli Calling conference on computing education research},
  pages={60--67},
  year={2015}
}

@article{bleha1990login,
  title={Computer-access security systems using keystroke dynamics},
  author={Bleha, Saleh and Slivinsky, Charles and Hussien, Bassam},
  journal={IEEE Transactions on pattern analysis and machine intelligence},
  volume={12},
  number={12},
  pages={1217--1222},
  year={1990},
  publisher={IEEE}
}

@article{robinson1998login,
  title={Computer user verification using login string keystroke dynamics},
  author={Robinson, John A and Liang, VW and Chambers, JA Michael and MacKenzie, Christine L},
  journal={IEEE transactions on systems, man, and cybernetics-part a: systems and humans},
  volume={28},
  number={2},
  pages={236--241},
  year={1998},
  publisher={IEEE}
}

@article{bergadano2002norm_distance,
  title={User authentication through keystroke dynamics},
  author={Bergadano, Francesco and Gunetti, Daniele and Picardi, Claudia},
  journal={ACM Transactions on Information and System Security (TISSEC)},
  volume={5},
  number={4},
  pages={367--397},
  year={2002},
  publisher={ACM New York, NY, USA}
}

@article{deep_learning,
  title={Continuous authentication by free-text keystroke based on CNN plus RNN},
  author={Xiaofeng, Lu and Shengfei, Zhang and Shengwei, Yi},
  journal={Procedia computer science},
  volume={147},
  pages={314--318},
  year={2019},
  publisher={Elsevier}
}

@inproceedings{maiorana2019deepkey,
  title={Deepkey: Keystroke dynamics and CNN for biometric recognition on mobile devices},
  author={Maiorana, Emanuele and Kalita, Himanka and Campisi, Patrizio},
  booktitle={2019 8th European Workshop on Visual Information Processing (EUVIP)},
  pages={181--186},
  year={2019},
  organization={IEEE}
}

@article{de2000mahalanobis,
  title={The mahalanobis distance},
  author={De Maesschalck, Roy and Jouan-Rimbaud, Delphine and Massart, D{\'e}sir{\'e} L},
  journal={Chemometrics and intelligent laboratory systems},
  volume={50},
  number={1},
  pages={1--18},
  year={2000},
  publisher={Elsevier}
}

@misc{knn,
  title = {K-Nearest Neighbor(KNN) Algorithm for Machine Learning},
  howpublished = {\url{https://www.javatpoint.com/k-nearest-neighbor-algorithm-for-machine-learning}},
  note = {Accessed: 2023-05-16}
}

@article{cho2014gru,
  title={Learning phrase representations using RNN encoder-decoder for statistical machine translation},
  author={Cho, Kyunghyun and Van Merri{\"e}nboer, Bart and Gulcehre, Caglar and Bahdanau, Dzmitry and Bougares, Fethi and Schwenk, Holger and Bengio, Yoshua},
  journal={arXiv preprint arXiv:1406.1078},
  year={2014}
}

@article{ravanelli2018gruperformance,
  title={Light gated recurrent units for speech recognition},
  author={Ravanelli, Mirco and Brakel, Philemon and Omologo, Maurizio and Bengio, Yoshua},
  journal={IEEE Transactions on Emerging Topics in Computational Intelligence},
  volume={2},
  number={2},
  pages={92--102},
  year={2018},
  publisher={IEEE}
}

@article{dupond2019rnn,
  title={A thorough review on the current advance of neural network structures},
  author={Dupond, Samuel},
  journal={Annual Reviews in Control},
  volume={14},
  number={14},
  pages={200--230},
  year={2019}
}

@inproceedings{li2015rnn_structure,
  title={Constructing long short-term memory based deep recurrent neural networks for large vocabulary speech recognition},
  author={Li, Xiangang and Wu, Xihong},
  booktitle={2015 ieee international conference on acoustics, speech and signal processing (icassp)},
  pages={4520--4524},
  year={2015},
  organization={IEEE}
}

@article{valueva2020cnn,
  title={Application of the residue number system to reduce hardware costs of the convolutional neural network implementation},
  author={Valueva, Maria V and Nagornov, NN and Lyakhov, Pavel A and Valuev, Georgii V and Chervyakov, Nikolay I},
  journal={Mathematics and computers in simulation},
  volume={177},
  pages={232--243},
  year={2020},
  publisher={Elsevier}
}

@article{taye2023layers,
  title={Theoretical understanding of convolutional neural network: concepts, architectures, applications, future directions},
  author={Taye, Mohammad Mustafa},
  journal={Computation},
  volume={11},
  number={3},
  pages={52},
  year={2023},
  publisher={MDPI}
}

@misc{benchmarks,
  title = {CHARACTERISTICS OF BIOMETRIC SYSTEMS},
  howpublished = {\url{https://web.archive.org/web/20081017165633/http://www.ccert.edu.cn/education/cissp/hism/039-041.html}},
  note = {Accessed: 2023-05-17}
}
@misc{eer,
  title = {FAR and FRR: security level versus user convenience},
  howpublished = {\url{https://www.recogtech.com/en/knowledge-base/security-level-versus-user-convenience}},
  note = {Accessed: 2023-05-17}
}

@inproceedings{trigraphs,
  title={Soft biometric traits for personal recognition systems},
  author={Jain, Anil K and Dass, Sarat C and Nandakumar, Karthik and others},
  booktitle={ICBA},
  volume={3072},
  pages={731--738},
  year={2004},
  organization={Springer}
}

@inproceedings{killourhy2009comparing,
  title={Comparing anomaly-detection algorithms for keystroke dynamics},
  author={Killourhy, Kevin S and Maxion, Roy A},
  booktitle={2009 IEEE/IFIP International Conference on Dependable Systems \& Networks},
  pages={125--134},
  year={2009},
  organization={IEEE}
}

@article{secondworldwar,
  title={Keystroke Dynamics},
  author={Measure, Euclidean Distance and Measure, Weighted Probability},
  publisher={Citeseer}
}

@article{monrose2000keystroke,
  title={Keystroke dynamics as a biometric for authentication},
  author={Monrose, Fabian and Rubin, Aviel D},
  journal={Future Generation computer systems},
  volume={16},
  number={4},
  pages={351--359},
  year={2000},
  publisher={Elsevier}
}

@book{jain2007handbook,
  title={Handbook of biometrics},
  author={Jain, Anil K and Flynn, Patrick and Ross, Arun A},
  year={2007},
  publisher={Springer Science \& Business Media}
}

@book{bolle2013guide,
  title={Guide to biometrics},
  author={Bolle, Ruud M and Connell, Jonathan H and Pankanti, Sharath and Ratha, Nalini K and Senior, Andrew W},
  year={2013},
  publisher={Springer Science \& Business Media}
}